
@misc{PyDoc,
	title = {{Python 3.11.3 Documentation} General Python FAQ},
	howpublished = {\url{https://docs.python.org/3/faq/general.html}},
	note = {Accessed: 2023-04-07}
}

@article{dierbach2014python,
	title={Python as a first programming language},
	author={Dierbach, Charles},
	journal={Journal of Computing Sciences in Colleges},
	volume={29},
	number={3},
	pages={73--73},
	year={2014},
	publisher={Consortium for Computing Sciences in Colleges}
}

@book{borges2014python,
	title={Python para desenvolvedores: aborda Python 3.3},
	author={Borges, Luiz Eduardo},
	year={2014},
	publisher={Novatec Editora}
}

@book{krafft2005debian,
	title={The Debian system: concepts and techniques},
	author={Krafft, Martin F},
	year={2005},
	publisher={No Starch Press}
}

@book{hertzog2015debian,
	title={The Debian Administrator's Handbook: Debian Jessie From Discovery To Mastery},
	author={Hertzog, Rapha{\"e}l and Mas, Roland},
	year={2015},
	publisher={Freexian}
}

@book{pollei2013debian,
	title={Debian 7: System Administration Best Practices},
	author={Pollei, Rich P},
	year={2013},
	publisher={Packt Publishing}
}

@misc{GnuFS,
	title = {{GNU About Free Software Documentation} What is Free Software?},
	howpublished = {\url{https://www.gnu.org/philosophy/free-sw.en.html}},
	note = {Accessed: 2023-04-12}
}

@misc{DebDon,
	title = {{Debian Proyect Documentation} How to donate to the Debian Project},
	howpublished = {\url{https://www.debian.org/donations.en.html}},
	note = {Accessed: 2023-04-12}
}

@misc{DebWhy,
	title = {{Debian Proyect Documentation} Reasons to use Debian},
	howpublished = {\url{https://www.debian.org/intro/why_debian.en.html}},
	note = {Accessed: 2023-04-12}
}

@misc{DebFil,
	title = {{Debian Proyect Documentation} Our Philosophy: Why we do it and how we do it},
	howpublished = {\url{https://www.debian.org/intro/philosophy.en.html}},
	note = {Accessed: 2023-04-12}
}

@misc{DebCS,
	title = {{Debian Proyect Documentation} Debian Social Contract Version 1.2 ratified on October 1st, 2022.},
	howpublished = {\url{https://www.debian.org/social_contract.en.html}},
	note = {Accessed: 2023-04-12}
}

@misc{DebPP,
	title = {{Debian Proyect Documentation} What is the Partners Program?},
	howpublished = {\url{https://www.debian.org/partners/index.en.html}},
	note = {Accessed: 2023-04-12}
}

@misc{DebHis,
	title = {{Debian Proyect Documentation} A Brief History of Debian},
	howpublished = {\url{https://www.debian.org/doc/manuals/project-history/index.en.html}},
	note = {Accessed: 2023-04-12}
}

@misc{DebFree,
	title = {{Debian Proyect Documentation} What does free mean?},
	howpublished = {\url{https://www.debian.org/intro/free.en.html}},
	note = {Accessed: 2023-04-12}
}

@misc{DjDF,
	title = {{Django Documentation} Design philosophies},
	howpublished = {\url{https://docs.djangoproject.com/en/3.0/misc/design-philosophies/}},
	note = {Accessed: 2023-04-12}
}

@book{ravindran2015django,
	title={Django Design Patterns and Best Practices},
	author={Ravindran, Arun},
	year={2015},
	publisher={Packt Publishing Ltd}
}

@article{ghimire2020comparative,
	title={Comparative study on Python web frameworks: Flask and Django},
	author={Ghimire, Devndra},
	year={2020}
}

@book{alchin2013pro,
	title={Pro Django},
	author={Alchin, Marty},
	year={2013},
	publisher={Apress}
}

@misc{WebFra,
	title = {{Python Documentation} Web Frameworks for Python},
	howpublished = {\url{https://wiki.python.org/moin/WebFrameworks}},
	note = {Accessed: 2023-04-12}
}

@article{zhao2017web,
	title={Web scraping},
	author={Zhao, Bo},
	journal={Encyclopedia of big data},
	pages={1--3},
	year={2017},
	publisher={Springer Living ed. Cham}
}

@article{glez2014web,
	title={Web scraping technologies in an API world},
	author={Glez-Pe{\~n}a, Daniel and Louren{\c{c}}o, An{\'a}lia and L{\'o}pez-Fern{\'a}ndez, Hugo and Reboiro-Jato, Miguel and Fdez-Riverola, Florentino},
	journal={Briefings in bioinformatics},
	volume={15},
	number={5},
	pages={788--797},
	year={2014},
	publisher={Oxford University Press}
}

@article{krotov2018legality,
	title={Legality and ethics of web scraping},
	author={Krotov, Vlad and Silva, Leiser},
	year={2018}
}

@inproceedings{yang2019design,
	title={Design and implementation of data acquisition system based on scrapy technology},
	author={Yang, Hongxia},
	booktitle={2019 2nd International Conference on Safety Produce Informatization (IICSPI)},
	pages={417--420},
	year={2019},
	organization={IEEE}
}





